<record><leader>00000cas a2200000 a 4500</leader><controlfield tag="001">24535959</controlfield><controlfield tag="008">911011d19421944cauwr ne      0    0eng c</controlfield><datafield ind1=" " ind2=" " tag="010"><subfield code="a">sn 99060788 </subfield></datafield><datafield ind1=" " ind2=" " tag="040"><subfield code="a">NPH</subfield><subfield code="b">eng</subfield><subfield code="c">NPH</subfield><subfield code="d">CNK</subfield><subfield code="d">OCLCO</subfield><subfield code="d">OCLCQ</subfield><subfield code="d">OCLCF</subfield></datafield><datafield ind1=" " ind2=" " tag="042"><subfield code="a">pcc</subfield></datafield><datafield ind1=" " ind2=" " tag="043"><subfield code="a">n-us-ca</subfield></datafield><datafield ind1="0" ind2="4" tag="245"><subfield code="a">The bomb bay.</subfield></datafield><datafield ind1="1" ind2="7" tag="246"><subfield code="a">Bombay</subfield><subfield code="f">Sept. 22, 1943-&lt;Mar. 15, 1944&gt;</subfield></datafield><datafield ind1=" " ind2=" " tag="260"><subfield code="a">[Hammer Field, Fresno, Cal.] :</subfield><subfield code="b">Fresno Bee</subfield></datafield><datafield ind1=" " ind2=" " tag="300"><subfield code="a">v.</subfield></datafield><datafield ind1=" " ind2=" " tag="310"><subfield code="a">Weekly</subfield></datafield><datafield ind1="0" ind2=" " tag="362"><subfield code="a">Vol. 1, no. 1 (Apr. 15, 1942)-v. 3, no. 18 (May 3, 1944).</subfield></datafield><datafield ind1=" " ind2=" " tag="500"><subfield code="a">"Published in the interest of the personnel of Hammer Field and military men in this vicinity."</subfield></datafield><datafield ind1=" " ind2=" " tag="500"><subfield code="a">Publication moved to Fresno, Calif., Mar. 24-July 28, 1943.</subfield></datafield><datafield ind1=" " ind2=" " tag="500"><subfield code="a">Place of publication appears in issue v. 1, no. 2, dated Apr. 22, 1942.</subfield></datafield><datafield ind1=" " ind2=" " tag="530"><subfield code="a">Master negatives are available for duplication from:</subfield><subfield code="b">California Newspaper Microfilm Archive;</subfield><subfield code="c">for further information consult the CNMA at:</subfield><subfield code="u">http://cbsr.ucr.edu</subfield></datafield><datafield ind1=" " ind2="0" tag="650"><subfield code="a">Military bases</subfield><subfield code="z">California</subfield><subfield code="v">Newspapers.</subfield></datafield><datafield ind1=" " ind2="0" tag="651"><subfield code="a">Fresno (Calif.)</subfield><subfield code="v">Newspapers.</subfield></datafield><datafield ind1=" " ind2="7" tag="655"><subfield code="a">Newspapers.</subfield><subfield code="2">fast</subfield><subfield code="0">(OCoLC)fst01423814</subfield></datafield><datafield ind1=" " ind2="7" tag="650"><subfield code="a">Military bases.</subfield><subfield code="2">fast</subfield><subfield code="0">(OCoLC)fst01020986</subfield></datafield><datafield ind1=" " ind2="7" tag="651"><subfield code="a">California.</subfield><subfield code="2">fast</subfield><subfield code="0">(OCoLC)fst01204928</subfield></datafield><datafield ind1=" " ind2="7" tag="651"><subfield code="a">California</subfield><subfield code="z">Fresno.</subfield><subfield code="2">fast</subfield><subfield code="0">(OCoLC)fst01207374</subfield></datafield><datafield ind1=" " ind2=" " tag="752"><subfield code="a">United States</subfield><subfield code="b">California</subfield><subfield code="c">Fresno</subfield><subfield code="d">Fresno.</subfield></datafield><datafield ind1="0" ind2="0" tag="785"><subfield code="t">Night hawk (Hammer Field, Fresno, Calif.)</subfield><subfield code="w">(DLC)sn 88086030</subfield></datafield></record>